
@book{murphy_probabilistic_2023,
	title = {Probabilistic {Machine} {Learning}: {Advanced} {Topics}},
	publisher = {MIT Press},
	author = {Murphy, Kevin P.},
	year = {2023}
}

@misc{krause_probabilistic_2025,
	title = {Probabilistic {Artificial} {Intelligence}},
	doi = {10.48550/arXiv.2502.05244},
	publisher = {arXiv},
	author = {Krause, Andreas and Hübotter, Jonas},
	year = {2025},
}

@book{gelman_bayesian_2013,
	address = {New York},
	edition = {3},
	title = {Bayesian {Data} {Analysis}},
	isbn = {978-0-429-11307-9},
	publisher = {Chapman and Hall/CRC},
	author = {Gelman, Andrew and Carlin, John B. and Stern, Hal S. and Dunson, David B. and Vehtari, Aki and Rubin, Donald B.},
	year = {2013},
	doi = {10.1201/b16018},
}

@article{tyralis_review_2024,
	title = {A review of predictive uncertainty estimation with machine learning},
	volume = {57},
	issn = {1573-7462},
	doi = {10.1007/s10462-023-10698-8},
	number = {4},
	journal = {Artificial Intelligence Review},
	author = {Tyralis, Hristos and Papacharalampous, Georgia},
	year = {2024},
	pages = {94},
}

@incollection{barbieri_posterior_2015,
	title = {Posterior {Predictive} {Distribution}},
	isbn = {978-1-118-44511-2},
	booktitle = {Wiley {StatsRef}: {Statistics} {Reference} {Online}},
	publisher = {John Wiley \& Sons, Ltd},
	author = {Barbieri, Maria Maddalena},
	year = {2015},
	doi = {10.1002/9781118445112.stat07839},
	pages = {1--6},
}

@article{fahrmeir_bayesian_2010,
	title = {Bayesian regularisation in structured additive regression: a unifying perspective on shrinkage, smoothing and predictor selection},
	volume = {20},
	issn = {1573-1375},
	shorttitle = {Bayesian regularisation in structured additive regression},
	doi = {10.1007/s11222-009-9158-3},
	number = {2},
	journal = {Statistics and Computing},
	author = {Fahrmeir, Ludwig and Kneib, Thomas and Konrath, Susanne},
	year = {2010},
	pages = {203--219},
}

@article{agresti_bayesian_2005,
	title = {Bayesian inference for categorical data analysis},
	volume = {14},
	issn = {1613-981X},
	doi = {10.1007/s10260-005-0121-y},
	number = {3},
	journal = {Statistical Methods and Applications},
	author = {Agresti, Alan and Hitchcock, David B.},
	month = dec,
	year = {2005},
	pages = {297--330},
}

@article{ntzoufras_bayesian_2003,
	series = {Special issue {I}: {Model} {Selection}, {Model} {Diagnostics}, {Empirical} {Ba} yes and {Hierarchical} {Bayes}},
	title = {Bayesian variable and link determination for generalised linear models},
	volume = {111},
	issn = {0378-3758},
	doi = {10.1016/S0378-3758(02)00298-7},
	number = {1},
	journal = {Journal of Statistical Planning and Inference},
	author = {Ntzoufras, Ioannis and Dellaportas, Petros and Forster, Jonathan J},
	month = feb,
	year = {2003},
	pages = {165--180},
}

@article{clyde_model_2004,
	title = {Model {Uncertainty}},
	volume = {19},
	issn = {0883-4237, 2168-8745},
	doi = {10.1214/088342304000000035},
	number = {1},
	journal = {Statistical Science},
	author = {Clyde, Merlise and George, Edward I.},
	month = feb,
	year = {2004},
	publisher = {Institute of Mathematical Statistics},
	pages = {81--94},
}

@article{buntine_operations_1994,
	title = {Operations for {Learning} with {Graphical} {Models}},
	volume = {2},
	issn = {1076-9757},
	doi = {10.1613/jair.62},
	journal = {Journal of Artificial Intelligence Research},
	author = {Buntine, W. L.},
	month = dec,
	year = {1994},
	pages = {159--225},
}

@book{fahrmeir_regression_2021,
	address = {Berlin, Heidelberg},
	title = {Regression: {Models}, {Methods} and {Applications}},
	isbn = {978-3-662-63881-1 978-3-662-63882-8},
	shorttitle = {Regression},
	publisher = {Springer Berlin Heidelberg},
	author = {Fahrmeir, Ludwig and Kneib, Thomas and Lang, Stefan and Marx, Brian D.},
	year = {2021},
	doi = {10.1007/978-3-662-63882-8},
}

@article{zellner_assessing_1986,
	title = {On assessing prior distributions and {Bayesian} regression analysis with g-prior distributions},
	journal = {Bayesian Inference and Decision techniques},
	author = {Zellner, A.},
	year = {1986},
	publisher = {Elsevier Science},
}

@article{barbieri_optimal_2004,
	title = {Optimal predictive model selection},
	volume = {32},
	issn = {0090-5364},
	doi = {10.1214/009053604000000238},
	number = {3},
	journal = {The Annals of Statistics},
	author = {Barbieri, Maria Maddalena and Berger, James O.},
	month = jun,
	year = {2004},
}

@book{held_likelihood_2020,
	address = {Berlin, Heidelberg},
	series = {Statistics for {Biology} and {Health}},
	title = {Likelihood and {Bayesian} {Inference}: {With} {Applications} in {Biology} and {Medicine}},
	isbn = {978-3-662-60791-6 978-3-662-60792-3},
	shorttitle = {Likelihood and {Bayesian} {Inference}},
	language = {en},
	publisher = {Springer},
	author = {Held, Leonhard and Sabanés Bové, Daniel},
	year = {2020},
	doi = {10.1007/978-3-662-60792-3},
}

@article{george_calibration_2000,
	title = {Calibration and empirical {Bayes} variable selection},
	volume = {87},
	issn = {0006-3444},
	doi = {10.1093/biomet/87.4.731},
	number = {4},
	journal = {Biometrika},
	author = {George, EdwardI. and Foster, Dean P.},
	month = dec,
	year = {2000},
	keywords = {calibration, inference},
	pages = {731--747},
}

@article{george_approaches_1997,
	title = {Approaches for {Bayesian} variable selection},
	volume = {7},
	issn = {1017-0405},
	language = {English},
	number = {2},
	journal = {STATISTICA SINICA},
	author = {George, E. I. and McCulloch, R. E.},
	month = apr,
	year = {1997},
	keywords = {bayes. LM, conjugate prior, GIBBS SAMPLER, Gibbs sampling, Gray Code, hierarchical models, lasso, Markov chain Monte Carlo, Metropolis-Hastings algorithms, MONTE-CARLO METHODS, normal mixtures, normalization constant, regression, REGRESSION, ridge, simulation},
	pages = {339--373},
}

@article{park_bayesian_2008,
	title = {The {Bayesian} {Lasso}},
	volume = {103},
	issn = {0162-1459},
	doi = {10.1198/016214508000000337},
	language = {English},
	number = {482},
	journal = {Journal of the American Statistical Association},
	author = {Park, Trevor and Casella, George},
	month = jun,
	year = {2008},
	keywords = {bayes. LM, empirical Bayes, Gibbs sampler, hierarchical model, inverse Gaussian, lasso, LEAST ANGLE REGRESSION, linear regression, MODELS, NORMAL-DISTRIBUTIONS, penalized regression, scale mixture of normals, SCALE MIXTURES, VARIABLE SELECTION},
	pages = {681--686},
}

@article{ohara_review_2009,
	title = {A review of {Bayesian} variable selection methods: what, how and which},
	volume = {4},
	issn = {1936-0975, 1931-6690},
	shorttitle = {A review of {Bayesian} variable selection methods},
	doi = {10.1214/09-BA403},
	number = {1},
	journal = {Bayesian Analysis},
	author = {O'Hara, R. B. and Sillanpää, M. J.},
	month = mar,
	year = {2009},
	publisher = {International Society for Bayesian Analysis},
	keywords = {bayes. LM, BUGS, lasso, MCMC, simulation, software, Variable selection},
	pages = {85--117},
}

@book{matsuura_bayesian_2022,
	address = {Singapore},
	title = {Bayesian {Statistical} {Modeling} with {Stan}, {R}, and {Python}},
	copyright = {https://www.springernature.com/gp/researchers/text-and-data-mining},
	isbn = {978-981-19-4754-4 978-981-19-4755-1},
	language = {en},
	publisher = {Springer Nature},
	author = {Matsuura, Kentaro},
	year = {2022},
	doi = {10.1007/978-981-19-4755-1},
	keywords = {Bayesian Modeling, Python, R, RStan, simulation, software, Stan, Statistical Modeling},
}

@article{vehtari_practical_2017,
	title = {Practical {Bayesian} model evaluation using leave-one-out cross-validation and {WAIC}},
	volume = {27},
	issn = {1573-1375},
	doi = {10.1007/s11222-016-9696-4},
	language = {en},
	number = {5},
	journal = {Statistics and Computing},
	author = {Vehtari, Aki and Gelman, Andrew and Gabry, Jonah},
	month = sep,
	year = {2017},
	keywords = {Applied Probability, bayes. LM, Bayesian computation, Bayesian Inference, Bayesian Network, inference, K-fold cross-validation, Leave-one-out cross-validation (LOO), Pareto smoothed importance sampling (PSIS), Probability and Statistics in Computer Science, Stan, Statistical Learning, Statistics in Engineering, Physics, Computer Science, Chemistry and Earth Sciences, Widely applicable information criterion (WAIC)},
	pages = {1413--1432},
}

@article{piironen_comparison_2017,
	title = {Comparison of {Bayesian} predictive methods for model selection},
	volume = {27},
	issn = {1573-1375},
	doi = {10.1007/s11222-016-9649-y},
	language = {en},
	number = {3},
	journal = {Statistics and Computing},
	author = {Piironen, Juho and Vehtari, Aki},
	month = may,
	year = {2017},
	keywords = {Bayesian Inference, Bayesian model selection, Bayesian Network, Cross-validation, inference, Machine Learning, Model Theory, Predictive medicine, Projection, Reference model, Selection bias, Statistical Learning},
	pages = {711--735},
}

@article{van_erp_shrinkage_2019,
	title = {Shrinkage priors for {Bayesian} penalized regression},
	volume = {89},
	issn = {0022-2496},
	doi = {10.1016/j.jmp.2018.12.004},
	journal = {Journal of Mathematical Psychology},
	author = {van Erp, Sara and Oberski, Daniel L. and Mulder, Joris},
	month = apr,
	year = {2019},
	keywords = {bayes. LM, Bayesian, Empirical Bayes, lasso, Penalization, Regression, Shrinkage priors},
	pages = {31--50},
}

@article{carvalho_horseshoe_2010,
	title = {The horseshoe estimator for sparse signals},
	volume = {97},
	issn = {0006-3444},
	doi = {10.1093/biomet/asq017},
	language = {English},
	number = {2},
	journal = {BIOMETRIKA},
	author = {Carvalho, Carlos M. and Polson, Nicholas G. and Scott, James G.},
	month = jun,
	year = {2010},
	keywords = {bayes. LM, BAYESIAN MODEL, GAUSSIAN GRAPHICAL MODELS, lasso, LASSO, Normal scale mixture, POSTERIOR MOMENTS, Ridge regression, Robustness, SELECTION, Shrinkage, Sparsity, Thresholding},
	pages = {465--480},
}

@article{bhadra_lasso_2019,
	title = {Lasso {Meets} {Horseshoe}: {A} {Survey}},
	volume = {34},
	issn = {0883-4237, 2168-8745},
	shorttitle = {Lasso {Meets} {Horseshoe}},
	doi = {10.1214/19-STS700},
	language = {English},
	number = {3},
	journal = {STATISTICAL SCIENCE},
	author = {Bhadra, Anindya and Datta, Jyotishka and Polson, Nicholas G. and Willard, Brandon},
	month = aug,
	year = {2019},
	pages = {405--427}
}

@article{mitchell_bayesian_1988,
	title = {Bayesian {Variable} {Selection} in {Linear}-{Regression}},
	volume = {83},
	issn = {0162-1459},
	doi = {10.2307/2290129},
	language = {English},
	number = {404},
	journal = {Journal of the American Statistical Association},
	author = {Mitchell, Tj and Beauchamp, Jj},
	month = dec,
	year = {1988},
	keywords = {bayes. LM, lasso},
	pages = {1023--1032},
}

@article{hoerl_ridge_1970,
	title = {Ridge {Regression}: {Applications} to {Nonorthogonal} {Problems}},
	volume = {12},
	issn = {0040-1706},
	shorttitle = {Ridge {Regression}},
	doi = {10.2307/1267352},
	number = {1},
	journal = {Technometrics},
	author = {Hoerl, Arthur E. and Kennard, Robert W.},
	year = {1970},
	publisher = {Taylor \& Francis, Ltd., American Statistical Association, American Society for Quality},
	keywords = {bayes. LM, ridge},
	pages = {69--82},
}

@article{hoerl_ridge_1970-1,
	title = {Ridge {Regression}: {Biased} {Estimation} for {Nonorthogonal} {Problems}},
	volume = {12},
	issn = {0040-1706},
	shorttitle = {Ridge {Regression}},
	doi = {10.2307/1267351},
	number = {1},
	journal = {Technometrics},
	author = {Hoerl, Arthur E. and Kennard, Robert W.},
	year = {1970},
	publisher = {Taylor \& Francis, Ltd., American Statistical Association, American Society for Quality},
	keywords = {bayes. LM, ridge},
	pages = {55--67},
}

@incollection{ahmed_geometry_2014,
	address = {Providence, Rhode Island},
	title = {Geometry and properties of generalized ridge regression in high dimensions},
	volume = {622},
	language = {en},
	booktitle = {Contemporary {Mathematics}},
	publisher = {American Mathematical Society},
	author = {Ishwaran, Hemant and Rao, J.},
	editor = {Ahmed, S.},
	year = {2014},
	doi = {10.1090/conm/622/12438},
	keywords = {bayes. LM, ridge},
	pages = {81--93},
}

@article{ishwaran_spikeslab_2010,
	title = {spikeslab: {Prediction} and {Variable} {Selection} {Using} {Spike} and {Slab} {Regression}},
	volume = {2},
	language = {en},
	author = {Ishwaran, Hemant and Kogalur, Udaya B and Rao, J Sunil},
	year = {2010},
}

@article{tibshirani_regression_1996,
	title = {Regression {Shrinkage} and {Selection} via the {Lasso}},
	volume = {58},
	issn = {0035-9246},
	number = {1},
	journal = {Journal of the Royal Statistical Society. Series B (Methodological)},
	author = {Tibshirani, Robert},
	year = {1996},
	publisher = {Royal Statistical Society, Oxford University Press},
	keywords = {bayes. LM, lasso},
	pages = {267--288},
}

@article{murphy_conjugate_nodate,
	title = {Conjugate {Bayesian} analysis of the {Gaussian} distribution},
	language = {en},
	author = {Murphy, Kevin P},
	year = 2007,
	keywords = {bayes. LM, inference},
}

@article{mackay_bayesian_1992,
	title = {Bayesian {Interpolation}},
	volume = {4},
	issn = {0899-7667},
	doi = {10.1162/neco.1992.4.3.415},
	number = {3},
	journal = {Neural Computation},
	author = {MacKay, David J. C.},
	month = may,
	year = {1992},
	keywords = {bayes. LM, ridge},
	pages = {415--447},
}

@book{dey_generalized_2000,
	address = {Boca Raton},
	title = {Generalized {Linear} {Models}: {A} {Bayesian} {Perspective}},
	isbn = {978-0-429-18240-2},
	shorttitle = {Generalized {Linear} {Models}},
	publisher = {CRC Press},
	editor = {Dey, Dipak K. and Ghosh, Sujit K. and Mallick, Bani K.},
	month = may,
	year = {2000},
	doi = {10.1201/9781482293456},
	keywords = {bayes. GLM},
}

@book{fahrmeir_multivariate_2001,
	address = {New York, NY},
	series = {Springer {Series} in {Statistics}},
	title = {Multivariate {Statistical} {Modelling} {Based} on {Generalized} {Linear} {Models}},
	copyright = {http://www.springer.com/tdm},
	isbn = {978-1-4419-2900-6 978-1-4757-3454-6},
	publisher = {Springer},
	author = {Fahrmeir, Ludwig and Tutz, Gerhard},
	year = {2001},
	doi = {10.1007/978-1-4757-3454-6},
	keywords = {bayes. GLM, best fit, data analysis, expectation–maximization algorithm, Fitting, Generalized linear model, Regression analysis, Survival analysis, Time series},
}

@article{dellaportas_bayesian_1993,
	title = {Bayesian {Inference} for {Generalized} {Linear} and {Proportional} {Hazards} {Models} via {Gibbs} {Sampling}},
	volume = {42},
	issn = {0035-9254},
	doi = {10.2307/2986324},
	number = {3},
	journal = {Journal of the Royal Statistical Society. Series C (Applied Statistics)},
	author = {Dellaportas, P. and Smith, A. F. M.},
	year = {1993},
	publisher = {Royal Statistical Society, Oxford University Press},
	keywords = {bayes. GLM, MCMC},
	pages = {443--459},
}

@article{gamerman_markov_1998,
	title = {Markov chain {Monte} {Carlo} for dynamic generalised linear models},
	volume = {85},
	issn = {0006-3444},
	doi = {10.1093/biomet/85.1.215},
	number = {1},
	journal = {Biometrika},
	author = {Gamerman, Dani},
	month = mar,
	year = {1998},
	keywords = {MCMC},
	pages = {215--227},
}

@article{lenk_bayesian_2000,
	title = {Bayesian {Inference} for {Finite} {Mixtures} of {Generalized} {Linear} {Models} with {Random} {Effects}},
	volume = {65},
	copyright = {https://www.cambridge.org/core/terms},
	issn = {0033-3123, 1860-0980},
	doi = {10.1007/BF02294188},
	language = {en},
	number = {1},
	journal = {Psychometrika},
	author = {Lenk, Peter J. and DeSarbo, Wayne S.},
	month = mar,
	year = {2000},
	pages = {93--119},
}

@article{albert_bayesian_1993,
	title = {Bayesian {Analysis} of {Binary} and {Polychotomous} {Response} {Data}},
	volume = {88},
	issn = {0162-1459},
	doi = {10.2307/2290350},
	number = {422},
	journal = {Journal of the American Statistical Association},
	author = {Albert, James H. and Chib, Siddhartha},
	year = {1993},
	publisher = {American Statistical Association, Taylor \& Francis, Ltd.},
	keywords = {bayes. Logit, MCMC},
	pages = {669--679},
}

@article{nelder_generalized_1972,
	title = {Generalized {Linear} {Models}},
	volume = {135},
	issn = {0035-9238},
	doi = {10.2307/2344614},
	number = {3},
	journal = {Journal of the Royal Statistical Society. Series A (General)},
	author = {Nelder, J. A. and Wedderburn, R. W. M.},
	year = {1972},
	publisher = {Royal Statistical Society, Oxford University Press},
	keywords = {bayes. GLM},
	pages = {370--384},
}

@article{held_bayesian_2006,
	title = {Bayesian auxiliary variable models for binary and multinomial regression},
	volume = {1},
	issn = {1936-0975, 1931-6690},
	doi = {10.1214/06-BA105},
	number = {1},
	journal = {Bayesian Analysis},
	author = {Held, Leonhard and Holmes, Chris C.},
	month = mar,
	year = {2006},
	publisher = {International Society for Bayesian Analysis},
	keywords = {auxiliary variables, bayes. Logit, Bayesian binary and multinomial regression, Markov chain Monte Carlo, MCMC, model averaging, Scale mixture of normals, Variable selection},
	pages = {145--168},
}

@incollection{fruhwirth-schnatter_data_2010,
	address = {Heidelberg},
	title = {Data {Augmentation} and {MCMC} for {Binary} and {Multinomial} {Logit} {Models}},
	isbn = {978-3-7908-2413-1},
	language = {en},
	booktitle = {Statistical {Modelling} and {Regression} {Structures}: {Festschrift} in {Honour} of {Ludwig} {Fahrmeir}},
	publisher = {Physica-Verlag HD},
	author = {Frühwirth-Schnatter, Sylvia and Frühwirth, Rudolf},
	editor = {Kneib, Thomas and Tutz, Gerhard},
	year = {2010},
	doi = {10.1007/978-3-7908-2413-1_7},
	keywords = {bayes. Logit, Binomial dataTrondheim, data augmentation, logit model, Markov chain Monte Carlo, MCMC, multinomial data, random utility model},
	pages = {111--132},
}

@article{rue_approximate_2009,
	title = {Approximate {Bayesian} {Inference} for {Latent} {Gaussian} models by using {Integrated} {Nested} {Laplace} {Approximations}},
	volume = {71},
	issn = {1369-7412},
	doi = {10.1111/j.1467-9868.2008.00700.x},
	number = {2},
	journal = {Journal of the Royal Statistical Society Series B: Statistical Methodology},
	author = {Rue, Håvard and Martino, Sara and Chopin, Nicolas},
	month = apr,
	year = {2009},
	keywords = {LA},
	pages = {319--392},
}

@misc{mcelreath_statistical_nodate,
	title = {Statistical {Rethinking}},
	author = {McElreath, Richard},
	keywords = {simulation, software},
}

@misc{ghosh_use_2017,
	title = {On the {Use} of {Cauchy} {Prior} {Distributions} for {Bayesian} {Logistic} {Regression}},
	doi = {10.48550/arXiv.1507.07170},
	publisher = {arXiv},
	author = {Ghosh, Joyee and Li, Yingbo and Mitra, Robin},
	month = feb,
	year = {2017},
	keywords = {bayes. Logit, Statistics - Methodology},
}

@article{gelman_weakly_2008,
	title = {A weakly informative default prior distribution for logistic and other regression models},
	volume = {2},
	issn = {1932-6157, 1941-7330},
	doi = {10.1214/08-AOAS191},
	number = {4},
	journal = {The Annals of Applied Statistics},
	author = {Gelman, Andrew and Jakulin, Aleks and Pittau, Maria Grazia and Su, Yu-Sung},
	month = dec,
	year = {2008},
	publisher = {Institute of Mathematical Statistics},
	keywords = {bayes. Logit, Bayesian inference, generalized linear model, hierarchical model, least squares, Linear regression, logistic regression, multilevel model, noninformative prior distribution, weakly informative prior distribution},
	pages = {1360--1383},
}

@article{greenland_putting_2001,
	title = {Putting {Background} {Information} {About} {Relative} {Risks} into {Conjugate} {Prior} {Distributions}},
	volume = {57},
	issn = {1541-0420},
	doi = {10.1111/j.0006-341X.2001.00663.x},
	language = {en},
	number = {3},
	journal = {Biometrics},
	author = {Greenland, Sander},
	year = {2001},
	keywords = {Bayesian analysis, Data augmentation, Epidemiologic methods, Exponential regression, Interpretation, Log-linear models, Logistic regression, Odds ratio, Poisson regression, Relative risk, Risk assessment, Risk regression},
	pages = {663--670},
}

@article{bedrick_new_1996,
	title = {A {New} {Perspective} on {Priors} for {Generalized} {Linear} {Models}},
	volume = {91},
	issn = {0162-1459},
	doi = {10.1080/01621459.1996.10476713},
	number = {436},
	journal = {Journal of the American Statistical Association},
	author = {Bedrick, Edward J. and , Ronald, Christensen and and Johnson, Wesley},
	month = dec,
	year = {1996},
	keywords = {bayes. GLM, bayes. Logit, Conditional means priors, Data augmentation priors, Exponential regression, Gamma regression, Linear models, Log-linear models, Logistic regression, Poisson regression},
	pages = {1450--1460},
}

@book{bishop_pattern_2019,
	address = {New York, NY},
	series = {Information {Science} and {Statistics}},
	title = {Pattern recognition and machine learning},
	isbn = {978-0-387-31073-2},
	language = {en},
	publisher = {Springer Science+Business Media, LLC},
	author = {Bishop, Christopher M.},
	year = {2019},
}

@article{spiegelhalter_sequential_1990,
	title = {Sequential updating of conditional probabilities on directed graphical structures},
	volume = {20},
	copyright = {Copyright © 1990 Wiley Periodicals, Inc., A Wiley Company},
	issn = {1097-0037},
	doi = {10.1002/net.3230200507},
	language = {en},
	number = {5},
	journal = {Networks},
	author = {Spiegelhalter, David J. and Lauritzen, Steffen L.},
	year = {1990},
	keywords = {bayes. Logit, LA},
	pages = {579--605},
}

@article{mackay_choice_1998,
	title = {Choice of {Basis} for {Laplace} {Approximation}},
	volume = {33},
	issn = {1573-0565},
	doi = {10.1023/A:1007558615313},
	language = {en},
	number = {1},
	journal = {Machine Learning},
	author = {MacKay, David J.C.},
	month = oct,
	year = {1998},
	keywords = {Applied Probability, Approximations and Expansions, Bayes factor, bayes. Logit, Bayesian inference, Bayesian Inference, Calculus of Variations and Optimization, graphical models, hidden Markov models, LA, latent variable models, marginal likelihood, Non-parametric Inference, Parametric Inference},
	pages = {77--86},
}

@article{roberts_probabilistic_1965,
	title = {Probabilistic {Prediction}},
	volume = {60},
	issn = {0162-1459},
	doi = {10.1080/01621459.1965.10480774},
	number = {309},
	journal = {Journal of the American Statistical Association},
	author = {Roberts, Harry V.},
	month = mar,
	year = {1965},
	puublisher = {ASA Website},
	keywords = {inference},
	pages = {50--62},
}

@article{holmes_efficient_nodate,
	author = {Holmes, CC and Knorr-Held, Leonhard},
	year = {2003},
	month = {01},
	pages = {},
	title = {Efficient simulation of Bayesian Logistic Regression Models}
}

@article{zeger_generalized_1991,
	title = {Generalized {Linear} {Models} {With} {Random} {Effects}; {A} {Gibbs} {Sampling} {Approach}},
	volume = {86},
	issn = {0162-1459},
	doi = {10.2307/2289717},
	number = {413},
	journal = {Journal of the American Statistical Association},
	author = {Zeger, Scott L. and Karim, M. Rezaul},
	year = {1991},
	publisher = {American Statistical Association, Taylor \& Francis, Ltd.},
	keywords = {bayes. GLM, beyes. Logit, MCMC},
	pages = {79--86},
}

@article{fruhwirth-schnatter_auxiliary_2007,
	title = {Auxiliary mixture sampling with applications to logistic models},
	volume = {51},
	issn = {0167-9473},
	doi = {10.1016/j.csda.2006.10.006},
	number = {7},
	journal = {Computational Statistics \& Data Analysis},
	author = {Frühwirth-Schnatter, Sylvia and Frühwirth, Rudolf},
	month = apr,
	year = {2007},
	keywords = {bayes. Logit, Binary data, Categorical data, Markov chain Monte Carlo, MCMC, Random-effects models, State space models, Utilities},
	pages = {3509--3528},
}

@article{scott_data_2011,
	title = {Data augmentation, frequentist estimation, and the {Bayesian} analysis of multinomial logit models},
	volume = {52},
	issn = {1613-9798},
	doi = {10.1007/s00362-009-0205-0},
	language = {en},
	number = {1},
	journal = {Statistical Papers},
	author = {Scott, Steven L.},
	month = feb,
	year = {2011},
	keywords = {Applied Statistics, bayes. Logit, Bayesian Inference, Discrete choice model, Econometrics, Gibbs sampler, inference, Logistic regression, Markov chain Monte Carlo, MCMC, Metropolis–Hastings, Multinomial Poisson transformation, Parametric Inference, Partial credit model, Polychotomous, Polytomous, Stochastic Modelling, Stochastic Modelling in Statistics},
	pages = {87--109},
}

@article{polson_bayesian_2013,
	title = {Bayesian {Inference} for {Logistic} {Models} {Using} {Pólya}–{Gamma} {Latent} {Variables}},
	volume = {108},
	issn = {0162-1459},
	doi = {10.1080/01621459.2013.829001},
	number = {504},
	journal = {Journal of the American Statistical Association},
	author = {Polson, Nicholas G. and , James G., Scott and Windle, Jesse},
	year = {2013},
	publisher = {ASA Website},
	pages = {1339--1349},
}

@article{hans_shotgun_2007,
	title = {Shotgun {Stochastic} {Search} for “{Large} p” {Regression}},
	volume = {102},
	issn = {0162-1459},
	doi = {10.1198/016214507000000121},
	number = {478},
	journal = {Journal of the American Statistical Association},
	author = {Hans, Chris and , Adrian, Dobra and and West, Mike},
	month = jun,
	year = {2007},
	publisher = {ASA Website},
	pages = {507--516},
}

@article{li_fully_2018,
	title = {Fully {Bayesian} logistic regression with hyper-{LASSO} priors for high-dimensional feature selection},
	volume = {88},
	issn = {0094-9655},
	doi = {10.1080/00949655.2018.1490418},
	number = {14},
	journal = {Journal of Statistical Computation and Simulation},
	author = {Li, Longhai and and Yao, Weixin},
	month = sep,
	year = {2018},
	publisher = {Taylor \& Francis},
	keywords = {bayes. Logit, feature selection, fully Bayesian, Gibbs sampling, Hamiltonian Monte Carlo, heavy-tailed prior, High-dimensional, horseshoe, hyper-LASSO priors, lasso, MCMC, non-convex penalties},
	pages = {2827--2851},
}

@misc{makalic_high-dimensional_2016,
	title = {High-{Dimensional} {Bayesian} {Regularised} {Regression} with the {BayesReg} {Package}},
	doi = {10.48550/arXiv.1611.06649},
	language = {en},
	publisher = {arXiv},
	author = {Makalic, Enes and Schmidt, Daniel F.},
	month = dec,
	year = {2016},
	keywords = {lasso, ridge, software, Statistics - Computation},
}

@article{polson_bayesian_2019,
	title = {Bayesian regularization: {From} {Tikhonov} to horseshoe},
	volume = {11},
	copyright = {© 2019 Wiley Periodicals, Inc.},
	issn = {1939-0068},
	shorttitle = {Bayesian regularization},
	doi = {10.1002/wics.1463},
	language = {en},
	number = {4},
	journal = {WIREs Computational Statistics},
	author = {Polson, Nicholas G. and Sokolov, Vadim},
	year = {2019},
	keywords = {Bayesian regression, horseshoe, lasso, regularization, ridge, simulation, software},
	pages = {e1463},
}

@article{celeux_regularization_2012,
	title = {Regularization in {Regression}: {Comparing} {Bayesian} and {Frequentist} {Methods} in a {Poorly} {Informative} {Situation}},
	volume = {7},
	issn = {1936-0975, 1931-6690},
	shorttitle = {Regularization in {Regression}},
	doi = {10.1214/12-BA716},
	number = {2},
	journal = {Bayesian Analysis},
	author = {Celeux, Gilles and Anbari, Mohammed El and Marin, Jean-Michel and Robert, Christian P.},
	month = jun,
	year = {2012},
	publisher = {International Society for Bayesian Analysis},
	keywords = {Calibration, Dantzig selector, Elastic net, lasso, Lasso, model choice, noninformative priors, regularization methods, ridge, simulation, Zellner’s g–prior},
	pages = {477--502},
}

@article{gramacy_simulation-based_2012,
	title = {Simulation-based {Regularized} {Logistic} {Regression}},
	volume = {7},
	issn = {1936-0975, 1931-6690},
	doi = {10.1214/12-BA719},
	number = {3},
	journal = {Bayesian Analysis},
	author = {Gramacy, Robert B. and Polson, Nicholas G.},
	month = sep,
	year = {2012},
	publisher = {International Society for Bayesian Analysis},
	pages = {567--590},
}

@article{west_dynamic_1985,
	title = {Dynamic {Generalized} {Linear} {Models} and {Bayesian} {Forecasting}},
	volume = {80},
	issn = {0162-1459},
	doi = {10.1080/01621459.1985.10477131},
	number = {389},
	journal = {Journal of the American Statistical Association},
	author = {West, Mike and , P. Jeff, Harrison and and Migon, Helio S.},
	month = mar,
	year = {1985},
	keywords = {bayes. GLM, Dynamic regression, Exponential family, Linear Bayes methods},
	pages = {73--83},
}


@article{hsiang_bayesian_1975,
	title = {A {Bayesian} {View} on {Ridge} {Regression}},
	volume = {24},
	issn = {0039-0526},
	doi = {10.2307/2987923},
	number = {4},
	journal = {Journal of the Royal Statistical Society. Series D (The Statistician)},
	author = {Hsiang, T. C.},
	year = {1975},
	publisher = {Royal Statistical Society},
	keywords = {bayes. LM, ridge},
	pages = {267--268},
}


@article{neal_probabilistic_1993,
	title = {Probabilistic inference using {Markov} chain {Monte} {Carlo} methods},
	journal = {Department of Computer Science, University of Toronto Toronto, Ontario, Canada},
	author = {Neal, Radford M},
	year = {1993},
}

@article{hastings_monte_1970,
	title = {Monte {Carlo} {Sampling} {Methods} {Using} {Markov} {Chains} and {Their} {Applications}},
	volume = {57},
	issn = {0006-3444},
	doi = {10.2307/2334940},
	number = {1},
	journal = {Biometrika},
	author = {Hastings, W. K.},
	year = {1970},
	publisher = {Oxford University Press, Biometrika Trust},
	keywords = {MCMC},
	pages = {97--109},
}


@article{tierney_accurate_1986,
	title = {Accurate {Approximations} for {Posterior} {Moments} and {Marginal} {Densities}},
	volume = {81},
	issn = {0162-1459},
	doi = {10.1080/01621459.1986.10478240},
	number = {393},
	journal = {Journal of the American Statistical Association},
	author = {Tierney, Luke and Kadane, Joseph B.},
	year = {1986},
	pages = {82--86},
}

@article{box_sampling_1980,
	title = {Sampling and {Bayes}' {Inference} in {Scientific} {Modelling} and {Robustness}},
	volume = {143},
	issn = {0035-9238},
	doi = {10.2307/2982063},
	number = {4},
	journal = {Journal of the Royal Statistical Society. Series A (General)},
	author = {Box, George E. P.},
	year = {1980},
	publisher = {Royal Statistical Society, Oxford University Press},
	keywords = {inference},
	pages = {383--430},
}



@misc{gelman_understanding_2013,
	title = {Understanding predictive information criteria for {Bayesian} models},
	doi = {10.48550/arXiv.1307.5928},
	publisher = {arXiv},
	author = {Gelman, Andrew and Hwang, Jessica and Vehtari, Aki},
	month = jul,
	year = {2013},
	keywords = {evaluation, Statistics - Methodology},
}


@article{sondhi_bayesian_2021,
	title = {Bayesian additional evidence for decision making under small sample uncertainty},
	volume = {21},
	issn = {1471-2288},
	doi = {10.1186/s12874-021-01432-5},
	number = {1},
	journal = {BMC Medical Research Methodology},
	author = {Sondhi, Arjun and Segal, Brian and Snider, Jeremy and Humblet, Olivier and McCusker, Margaret},
	month = oct,
	year = {2021},
	keywords = {Bayesian, intro, Real world, Real world evidence, Small sample size},
	pages = {221},
}


@article{chien_informative_2023,
	title = {Informative g-{Priors} for {Mixed} {Models}},
	volume = {6},
	doi = {10.3390/stats6010011},
	language = {en},
	number = {1},
	journal = {Stats},
	author = {Chien, Yu-Fang and Zhou, Haiming and Hanson, Timothy and Lystig, Theodore},
	month = mar,
	year = {2023},
	publisher = {Multidisciplinary Digital Publishing Institute},
	pages = {169--191},
}

@article{MCMCglmm_2010,
    title = {MCMC Methods for Multi-Response Generalized Linear Mixed Models: The {MCMCglmm} {R} Package},
    author = {Jarrod D. Hadfield},
    journal = {Journal of Statistical Software},
    year = {2010},
    volume = {33},
    number = {2},
    pages = {1--22},
}

@article{brms_2017,
    title = {{brms}: An {R} Package for {Bayesian} Multilevel Models Using {Stan}},
    author = {Paul-Christian Bürkner},
    journal = {Journal of Statistical Software},
    year = {2017},
    volume = {80},
    number = {1},
    pages = {1--28},
    doi = {10.18637/jss.v080.i01},
}

@misc{makalic_bayesreg_2016,
	title={High-Dimensional Bayesian Regularised Regression with the BayesReg Package},
	author={Enes Makalic and Daniel F. Schmidt},
	year={2016},
	eprint={1611.06649},
}

@article{hosack_prior_2017,
	title = {Prior elicitation for {Bayesian} generalised linear models with application to risk control option assessment},
	volume = {167},
	issn = {0951-8320},
	doi = {https://doi.org/10.1016/j.ress.2017.06.011},
	journal = {Reliability Engineering \& System Safety},
	author = {Hosack, Geoffrey R. and Hayes, Keith R. and Barry, Simon C.},
	year = {2017},
	pages = {351--361},
}

@inproceedings{dayanik_constructing_2006,
	address = {New York, NY, USA},
	series = {{SIGIR} '06},
	title = {Constructing informative prior distributions from domain knowledge in text classification},
	isbn = {978-1-59593-369-0},
	doi = {10.1145/1148170.1148255},
	booktitle = {Proceedings of the 29th annual international {ACM} {SIGIR} conference on {Research} and development in information retrieval},
	publisher = {Association for Computing Machinery},
	author = {Dayanik, Aynur and Lewis, David D. and Madigan, David and Menkov, Vladimir and Genkin, Alexander},
	month = aug,
	year = {2006},
	pages = {493--500},
}


@misc{angelopoulos_gentle_2022,
	title = {A {Gentle} {Introduction} to {Conformal} {Prediction} and {Distribution}-{Free} {Uncertainty} {Quantification}},
	doi = {10.48550/arXiv.2107.07511},
	publisher = {arXiv},
	author = {Angelopoulos, Anastasios N. and Bates, Stephen},
	month = dec,
	year = {2022},
	note = {arXiv:2107.07511 [cs]},
}

@misc{grammarly,
    author = {{Grammarly Inc.}},
    title = {Grammarly (Free Version, 1.124)},
	year = {2025},
	howpublished = {{URL}: \url{https://www.grammarly.com}},
	note = {Last accessed: 02.07.2025},
}

@misc{chatgpt,
    author = {OpenAI},
    title = {Chat{GPT} o4-mini-high},
	year = {2025},
	howpublished = {\url{https://chat.openai.com/chat}},
	note = {Last accessed: 19.06.2025},
}

