@article{bischl2015,
  author  = {Bernd Bischl and Michel Lang and Olaf Mersmann and
             Jörg Rahnenführer and Claus Weihs},
  title   = {{{BatchJobs} and {BatchExperiments}: Abstraction
             Mechanisms for Using {R} in Batch Environments}},
  journal = {Journal of Statistical Software},
  volume  = {64},
  number  = {11},
  pages   = {1--25},
  day     = {20},
  month   = mar,
  year    = {2015},
  coden   = {JSSOBK},
  issn    = {1548-7660},
  url     = {<br> <a  href="http://hdl.handle.net/10.18637/jss.v064.i11 ">link</a>}
}