@Book{Bishop2006,
  author    = {Christopher M. Bishop},
  publisher = {Springer},
  title     = {Pattern Recognition and Machine Learning},
  year      = {2006},
  groups    = {Imported lib_ma.bak},
}


@book{kevin_p_murphy_probabilistic_2023,
	title = {Probabilistic Machine Learning: Advanced Topics},
	url = {http://probml.github.io/book2},
	publisher = {{MIT} Press},
	author = {{Kevin P. Murphy}},
	urldate = {2025-05-22},
	date = {2023},
	langid = {american},
	keywords = {read, textbook, bayes. {LM}, bayes. {GLMM}, bayes. Logit, useful},
	file = {PDF:/Users/lona/Zotero/storage/R84B5RIV/Probabilistic Machine Learning Advanced Topics.pdf:application/pdf;Snapshot:/Users/lona/Zotero/storage/BCXL9XTT/probabilistic-machine-learning.html:text/html},
}

@misc{krause_probabilistic_2025,
	title = {Probabilistic Artificial Intelligence},
	url = {http://arxiv.org/abs/2502.05244},
	doi = {10.48550/arXiv.2502.05244},
	number = {{arXiv}:2502.05244},
	publisher = {{arXiv}},
	author = {Krause, Andreas and Hübotter, Jonas},
	urldate = {2025-05-22},
	date = {2025-02-07},
	langid = {english},
	eprinttype = {arxiv},
	eprint = {2502.05244 [cs]},
	keywords = {bayes. {LM}, Computer Science - Artificial Intelligence, Computer Science - Machine Learning, not super useful, plate notation, read},
	file = {PDF:/Users/lona/Zotero/storage/4CFFHWB5/Krause and Hübotter - 2025 - Probabilistic Artificial Intelligence.pdf:application/pdf},
}

@incollection{fahrmeir_extensions_2021,
	location = {Berlin, Heidelberg},
	title = {Extensions of the Classical Linear Model},
	isbn = {978-3-662-63882-8},
	url = {https://doi.org/10.1007/978-3-662-63882-8_4},
	pages = {191--282},
	booktitle = {Regression: Models, Methods and Applications},
	publisher = {Springer},
	author = {Fahrmeir, Ludwig and Kneib, Thomas and Lang, Stefan and Marx, Brian D.},
	editor = {Fahrmeir, Ludwig and Kneib, Thomas and Lang, Stefan and Marx, Brian D.},
	urldate = {2025-05-23},
	date = {2021},
	langid = {english},
	doi = {10.1007/978-3-662-63882-8_4},
	keywords = {textbook},
	file = {Full Text PDF:/Users/lona/Zotero/storage/KZAXIUB7/Fahrmeir et al. - 2021 - Extensions of the Classical Linear Model.pdf:application/pdf},
}

@book{gelman_bayesian_2013,
	location = {New York},
	edition = {3},
	title = {Bayesian Data Analysis},
	isbn = {978-0-429-11307-9},
	pagetotal = {675},
	publisher = {Chapman and Hall/{CRC}},
	author = {Gelman, Andrew and Carlin, John B. and Stern, Hal S. and Dunson, David B. and Vehtari, Aki and Rubin, Donald B.},
	date = {2013-11-27},
	doi = {10.1201/b16018},
	keywords = {textbook, bayes. {LM}, bayes. Logit, useful, todo, skimmed},
	file = {PDF:/Users/lona/Zotero/storage/UT85HZN9/Gelman et al. - 2013 - Bayesian Data Analysis.pdf:application/pdf},
}

@article{tyralis_review_2024,
	title = {A review of predictive uncertainty estimation with machine learning},
	volume = {57},
	issn = {1573-7462},
	url = {https://doi.org/10.1007/s10462-023-10698-8},
	doi = {10.1007/s10462-023-10698-8},
	pages = {94},
	number = {4},
	journaltitle = {Artificial Intelligence Review},
	shortjournal = {Artif Intell Rev},
	author = {Tyralis, Hristos and Papacharalampous, Georgia},
	urldate = {2025-05-30},
	date = {2024-03-18},
	langid = {english},
	keywords = {Deep learning, Machine learning, Probabilistic forecasting, Boosting, Distributional regression, Ensemble learning, Learning algorithms, Machine Learning, Predictive markers, Predictive medicine, Probability and Statistics in Computer Science, Quantile regression, Random forests, Statistical Learning, review},
	file = {Full Text PDF:/Users/lona/Zotero/storage/YBWPVZAB/Tyralis and Papacharalampous - 2024 - A review of predictive uncertainty estimation with machine learning.pdf:application/pdf},
}

@article{fahrmeir_bayesian_2010,
	title = {Bayesian regularisation in structured additive regression: a unifying perspective on shrinkage, smoothing and predictor selection},
	volume = {20},
	issn = {1573-1375},
	url = {https://doi.org/10.1007/s11222-009-9158-3},
	doi = {10.1007/s11222-009-9158-3},
	shorttitle = {Bayesian regularisation in structured additive regression},
	pages = {203--219},
	number = {2},
	journaltitle = {Statistics and Computing},
	shortjournal = {Stat Comput},
	author = {Fahrmeir, Ludwig and Kneib, Thomas and Konrath, Susanne},
	urldate = {2025-05-30},
	date = {2010-04-01},
	langid = {english},
	keywords = {bayes. {LM}, skimmed, Statistical Learning, review, Bayesian Inference, Conditionally Gaussian priors, lasso, Linear Models and Regression, {MCMC}, Non-parametric Inference, P-splines, Parametric Inference, Spike and slab prior, Stochastic Modelling, Structured additive regression},
	file = {Full Text PDF:/Users/lona/Zotero/storage/HMF7DI6F/Fahrmeir et al. - 2010 - Bayesian regularisation in structured additive regression a unifying perspective on shrinkage, smoo.pdf:application/pdf},
}

@article{agresti_bayesian_2005,
	title = {Bayesian inference for categorical data analysis},
	volume = {14},
	issn = {1613-981X},
	url = {https://doi.org/10.1007/s10260-005-0121-y},
	doi = {10.1007/s10260-005-0121-y},
	pages = {297--330},
	number = {3},
	journaltitle = {Statistical Methods and Applications},
	shortjournal = {{JISS}},
	author = {Agresti, Alan and Hitchcock, David B.},
	urldate = {2025-05-30},
	date = {2005-12-01},
	langid = {english},
	keywords = {bayes. Logit, review, Bayesian Inference, Non-parametric Inference, Parametric Inference, Applied Statistics, Beta distribution, Binomial distribution, Dirichlet distribution, Empirical Bayes, Graphical models, Hierarchical models, History of Statistics, Logistic regression, Loglinear models, Markov chain Monte Carlo, Matched pairs, Multinomial distribution, Odds ratio, Smoothing, Statistical Theory and Methods},
	file = {Full Text PDF:/Users/lona/Zotero/storage/LCTELGFX/Agresti and Hitchcock - 2005 - Bayesian inference for categorical data analysis.pdf:application/pdf},
}

@article{ntzoufras_bayesian_2003,
	title = {Bayesian variable and link determination for generalised linear models},
	volume = {111},
	issn = {0378-3758},
	url = {https://www.sciencedirect.com/science/article/pii/S0378375802002987},
	doi = {10.1016/S0378-3758(02)00298-7},
	series = {Special issue I: Model Selection, Model Diagnostics, Empirical Ba yes and Hierarchical Bayes},
	pages = {165--180},
	number = {1},
	journaltitle = {Journal of Statistical Planning and Inference},
	shortjournal = {Journal of Statistical Planning and Inference},
	author = {Ntzoufras, Ioannis and Dellaportas, Petros and Forster, Jonathan J},
	urldate = {2025-05-30},
	date = {2003-02-01},
	keywords = {bayes. Logit, {MCMC}, Logistic regression, Markov chain Monte-Carlo, Reversible jump, bayes. {GLM}},
	file = {PDF:/Users/lona/Zotero/storage/ANSNT896/Ntzoufras et al. - 2003 - Bayesian variable and link determination for generalised linear models.pdf:application/pdf;ScienceDirect Snapshot:/Users/lona/Zotero/storage/EH5IB9B9/S0378375802002987.html:text/html},
}

@article{clyde_model_2004,
	title = {Model Uncertainty},
	volume = {19},
	issn = {0883-4237, 2168-8745},
	url = {https://projecteuclid.org/journals/statistical-science/volume-19/issue-1/Model-Uncertainty/10.1214/088342304000000035.full},
	doi = {10.1214/088342304000000035},
	pages = {81--94},
	number = {1},
	journaltitle = {Statistical Science},
	author = {Clyde, Merlise and George, Edward I.},
	urldate = {2025-05-30},
	date = {2004-02},
	note = {Publisher: Institute of Mathematical Statistics},
	keywords = {bayes. {LM}, review, {MCMC}, Bayes factors, classification and regression trees, linear and nonparametric regression, model averaging, objective prior distributions, reversible jump Markov chain Monte Carlo, Variable selection},
	file = {Full Text PDF:/Users/lona/Zotero/storage/E2MS9PZE/Clyde and George - 2004 - Model Uncertainty.pdf:application/pdf},
}

@online{noauthor_latent_nodate,
	title = {Latent Dirichlet Allocation ({LDA})},
	url = {http://www.jmlr.org/papers/volume3/blei03a/blei03a.pdf},
	urldate = {2025-06-06},
	keywords = {plate notation},
	file = {http\://www.jmlr.org/papers/volume3/blei03a/blei03a.pdf:/Users/lona/Zotero/storage/MLVQR63J/blei03a.pdf:application/pdf},
}

@article{buntine_operations_1994,
	title = {Operations for Learning with Graphical Models},
	volume = {2},
	rights = {Copyright (c)},
	issn = {1076-9757},
	url = {https://www.jair.org/index.php/jair/article/view/10123},
	doi = {10.1613/jair.62},
	pages = {159--225},
	journaltitle = {Journal of Artificial Intelligence Research},
	author = {Buntine, W. L.},
	urldate = {2025-06-06},
	date = {1994-12-01},
	langid = {english},
	keywords = {plate notation},
	file = {PDF:/Users/lona/Zotero/storage/L8D2JLQV/Buntine - 1994 - Operations for Learning with Graphical Models.pdf:application/pdf},
}

@book{fahrmeir_regression_2021,
	location = {Berlin, Heidelberg},
	title = {Regression: Models, Methods and Applications},
	rights = {https://www.springer.com/tdm},
	isbn = {978-3-662-63881-1 978-3-662-63882-8},
	url = {https://link.springer.com/10.1007/978-3-662-63882-8},
	shorttitle = {Regression},
	publisher = {Springer Berlin Heidelberg},
	author = {Fahrmeir, Ludwig and Kneib, Thomas and Lang, Stefan and Marx, Brian D.},
	urldate = {2025-06-06},
	date = {2021},
	langid = {english},
	doi = {10.1007/978-3-662-63882-8},
	file = {PDF:/Users/lona/Zotero/storage/S8BN4QJQ/Fahrmeir et al. - 2021 - Regression Models, Methods and Applications.pdf:application/pdf},
}

@article{zellner_assessing_1986,
	title = {On assessing prior distributions and Bayesian regression analysis with g-prior distributions},
	url = {https://cir.nii.ac.jp/crid/1571980074739548288},
	journaltitle = {Bayesian Inference and Decision techniques},
	author = {{ZELLNER}, A.},
	urldate = {2025-06-06},
	date = {1986},
	note = {Publisher: Elsevier Science},
	keywords = {bayes. {LM}, lasso},
	file = {On assessing prior distributions and Bayesian regression analysis with g-prior distributions Snapshot:/Users/lona/Zotero/storage/6S34BC22/1571980074739548288.html:text/html},
}

@article{barbieri_optimal_2004,
	title = {Optimal predictive model selection},
	volume = {32},
	issn = {0090-5364},
	url = {http://arxiv.org/abs/math/0406464},
	doi = {10.1214/009053604000000238},
	number = {3},
	journaltitle = {The Annals of Statistics},
	shortjournal = {Ann. Statist.},
	author = {Barbieri, Maria Maddalena and Berger, James O.},
	urldate = {2025-06-06},
	date = {2004-06-01},
	eprinttype = {arxiv},
	eprint = {math/0406464},
	keywords = {bayes. {LM}, inference, Mathematics - Statistics Theory, Statistics - Statistics Theory},
	file = {Preprint PDF:/Users/lona/Zotero/storage/YSGRPQ2J/Barbieri and Berger - 2004 - Optimal predictive model selection.pdf:application/pdf;Snapshot:/Users/lona/Zotero/storage/99KQ3C67/0406464.html:text/html},
}

@book{held_likelihood_2020,
	location = {Berlin, Heidelberg},
	title = {Likelihood and Bayesian Inference: With Applications in Biology and Medicine},
	rights = {https://www.springer.com/tdm},
	isbn = {978-3-662-60791-6 978-3-662-60792-3},
	url = {https://link.springer.com/10.1007/978-3-662-60792-3},
	series = {Statistics for Biology and Health},
	shorttitle = {Likelihood and Bayesian Inference},
	publisher = {Springer},
	author = {Held, Leonhard and Sabanés Bové, Daniel},
	urldate = {2025-06-06},
	date = {2020},
	langid = {english},
	doi = {10.1007/978-3-662-60792-3},
	keywords = {bayes. {LM}, bayes. Logit, Bayesian inference, capture-recapture method, choice of the prior distribution, frequentist inference, Hardy–Weinberg equilibrium, inference, lasso, likelihood inference, Markov models, maximum likelihood estimate, model averaging, model choice, quantifying disease risk, ridge, time series analysis, Wald Statistic},
	file = {Full Text PDF:/Users/lona/Zotero/storage/BAJ9W48K/Held and Sabanés Bové - 2020 - Likelihood and Bayesian Inference With Applications in Biology and Medicine.pdf:application/pdf},
}

@article{george_calibration_2000,
	title = {Calibration and empirical Bayes variable selection},
	volume = {87},
	issn = {0006-3444},
	url = {https://doi.org/10.1093/biomet/87.4.731},
	doi = {10.1093/biomet/87.4.731},
	pages = {731--747},
	number = {4},
	journaltitle = {Biometrika},
	shortjournal = {Biometrika},
	author = {George, {EdwardI}. and Foster, Dean P.},
	urldate = {2025-06-06},
	date = {2000-12-01},
	keywords = {calibration, inference},
	file = {Snapshot:/Users/lona/Zotero/storage/IPKU4T4S/232682.html:text/html},
}

@article{george_approaches_nodate,
	title = {{APPROACHES} {FOR} {BAYESIAN} {VARIABLE} {SELECTION}},
	author = {George, Edward I and {McCulloch}, Robert E},
	langid = {english},
	file = {PDF:/Users/lona/Zotero/storage/K8UJREEQ/George and McCulloch - APPROACHES FOR BAYESIAN VARIABLE SELECTION.pdf:application/pdf},
}

@article{george_approaches_1997,
	title = {Approaches for Bayesian variable selection},
	volume = {7},
	issn = {1017-0405},
	pages = {339--373},
	number = {2},
	journaltitle = {{STATISTICA} {SINICA}},
	shortjournal = {Stat. Sin.},
	author = {George, E. I. and {McCulloch}, R. E.},
	date = {1997-04},
	note = {Num Pages: 35
Place: Taipei
Publisher: Statistica Sinica
Web of Science {ID}: {WOS}:A1997XD44400011},
	keywords = {bayes. {LM}, conjugate prior, {GIBBS} {SAMPLER}, Gibbs sampling, Gray Code, hierarchical models, lasso, Markov chain Monte Carlo, Metropolis-Hastings algorithms, {MONTE}-{CARLO} {METHODS}, normal mixtures, normalization constant, regression, {REGRESSION}, ridge, simulation},
	file = {PDF:/Users/lona/Zotero/storage/BG2AHWYB/George and McCulloch - 1997 - Approaches for Bayesian variable selection.pdf:application/pdf},
}

@article{park_bayesian_2008,
	title = {The Bayesian Lasso},
	volume = {103},
	issn = {0162-1459},
	url = {https://www.webofscience.com/api/gateway?GWVersion=2&SrcAuth=DOISource&SrcApp=WOS&KeyAID=10.1198%2F016214508000000337&DestApp=DOI&SrcAppSID=EUW1ED0A95fuI7QgdRtHHoAeqEM72&SrcJTitle=JOURNAL+OF+THE+AMERICAN+STATISTICAL+ASSOCIATION&DestDOIRegistrantName=Informa+UK+%28American+Statistical+Association%29},
	doi = {10.1198/016214508000000337},
	pages = {681--686},
	number = {482},
	journaltitle = {{JOURNAL} {OF} {THE} {AMERICAN} {STATISTICAL} {ASSOCIATION}},
	shortjournal = {J. Am. Stat. Assoc.},
	author = {Park, Trevor and Casella, George},
	urldate = {2025-06-06},
	date = {2008-06},
	note = {Num Pages: 6
Place: Alexandria
Publisher: Amer Statistical Assoc
Web of Science {ID}: {WOS}:000257897500025},
	keywords = {bayes. {LM}, empirical Bayes, Gibbs sampler, hierarchical model, inverse Gaussian, lasso, {LEAST} {ANGLE} {REGRESSION}, linear regression, {MODELS}, {NORMAL}-{DISTRIBUTIONS}, penalized regression, scale mixture of normals, {SCALE} {MIXTURES}, {VARIABLE} {SELECTION}},
	file = {PDF:/Users/lona/Zotero/storage/LES8EARX/Park and Casella - 2008 - The Bayesian Lasso.pdf:application/pdf},
}

@article{ohara_review_2009,
	title = {A review of Bayesian variable selection methods: what, how and which},
	volume = {4},
	issn = {1936-0975, 1931-6690},
	url = {https://projecteuclid.org/journals/bayesian-analysis/volume-4/issue-1/A-review-of-Bayesian-variable-selection-methods--what-how/10.1214/09-BA403.full},
	doi = {10.1214/09-BA403},
	shorttitle = {A review of Bayesian variable selection methods},
	pages = {85--117},
	number = {1},
	journaltitle = {Bayesian Analysis},
	author = {O'Hara, R. B. and Sillanpää, M. J.},
	urldate = {2025-06-06},
	date = {2009-03},
	note = {Publisher: International Society for Bayesian Analysis},
	keywords = {bayes. {LM}, {BUGS}, lasso, {MCMC}, Variable selection},
	file = {Full Text PDF:/Users/lona/Zotero/storage/6LDN3VDR/O'Hara and Sillanpää - 2009 - A review of Bayesian variable selection methods what, how and which.pdf:application/pdf},
}

@book{matsuura_bayesian_2022,
	location = {Singapore},
	title = {Bayesian Statistical Modeling with Stan, R, and Python},
	rights = {https://www.springernature.com/gp/researchers/text-and-data-mining},
	isbn = {978-981-19-4754-4 978-981-19-4755-1},
	url = {https://link.springer.com/10.1007/978-981-19-4755-1},
	publisher = {Springer Nature},
	author = {Matsuura, Kentaro},
	urldate = {2025-06-06},
	date = {2022},
	langid = {english},
	doi = {10.1007/978-981-19-4755-1},
	keywords = {Bayesian Modeling, Python, R, {RStan}, simulation, software, Stan, Statistical Modeling},
	file = {Full Text PDF:/Users/lona/Zotero/storage/9TNWEPGN/Matsuura - 2022 - Bayesian Statistical Modeling with Stan, R, and Python.pdf:application/pdf},
}

@article{vehtari_practical_2017,
	title = {Practical Bayesian model evaluation using leave-one-out cross-validation and {WAIC}},
	volume = {27},
	issn = {1573-1375},
	url = {https://doi.org/10.1007/s11222-016-9696-4},
	doi = {10.1007/s11222-016-9696-4},
	pages = {1413--1432},
	number = {5},
	journaltitle = {Statistics and Computing},
	shortjournal = {Stat Comput},
	author = {Vehtari, Aki and Gelman, Andrew and Gabry, Jonah},
	urldate = {2025-06-06},
	date = {2017-09-01},
	langid = {english},
	keywords = {Applied Probability, bayes. {LM}, Bayesian computation, Bayesian Inference, Bayesian Network, inference, K-fold cross-validation, Leave-one-out cross-validation ({LOO}), Pareto smoothed importance sampling ({PSIS}), Probability and Statistics in Computer Science, Stan, Statistical Learning, Statistics in Engineering, Physics, Computer Science, Chemistry and Earth Sciences, Widely applicable information criterion ({WAIC})},
	file = {Full Text PDF:/Users/lona/Zotero/storage/NP8P6AWR/Vehtari et al. - 2017 - Practical Bayesian model evaluation using leave-one-out cross-validation and WAIC.pdf:application/pdf},
}

@article{piironen_comparison_2017,
	title = {Comparison of Bayesian predictive methods for model selection},
	volume = {27},
	issn = {1573-1375},
	url = {https://doi.org/10.1007/s11222-016-9649-y},
	doi = {10.1007/s11222-016-9649-y},
	pages = {711--735},
	number = {3},
	journaltitle = {Statistics and Computing},
	shortjournal = {Stat Comput},
	author = {Piironen, Juho and Vehtari, Aki},
	urldate = {2025-06-06},
	date = {2017-05-01},
	langid = {english},
	keywords = {Bayesian Inference, Bayesian model selection, Bayesian Network, Cross-validation, inference, Machine Learning, Model Theory, Predictive medicine, Projection, Reference model, Selection bias, Statistical Learning},
	file = {Full Text PDF:/Users/lona/Zotero/storage/LK7846KI/Piironen and Vehtari - 2017 - Comparison of Bayesian predictive methods for model selection.pdf:application/pdf},
}

@article{van_erp_shrinkage_2019,
	title = {Shrinkage priors for Bayesian penalized regression},
	volume = {89},
	issn = {0022-2496},
	url = {https://www.sciencedirect.com/science/article/pii/S0022249618300567},
	doi = {10.1016/j.jmp.2018.12.004},
	pages = {31--50},
	journaltitle = {Journal of Mathematical Psychology},
	shortjournal = {Journal of Mathematical Psychology},
	author = {van Erp, Sara and Oberski, Daniel L. and Mulder, Joris},
	urldate = {2025-06-06},
	date = {2019-04-01},
	keywords = {bayes. {LM}, Bayesian, Empirical Bayes, lasso, Penalization, Regression, Shrinkage priors},
	file = {Full Text:/Users/lona/Zotero/storage/BBZ7W4TY/van Erp et al. - 2019 - Shrinkage priors for Bayesian penalized regression.pdf:application/pdf;ScienceDirect Snapshot:/Users/lona/Zotero/storage/HNKIK23G/S0022249618300567.html:text/html},
}


@article{carvalho_horseshoe_2010,
	title = {The horseshoe estimator for sparse signals},
	volume = {97},
	issn = {0006-3444},
	url = {https://www.webofscience.com/api/gateway?GWVersion=2&SrcAuth=DOISource&SrcApp=WOS&KeyAID=10.1093%2Fbiomet%2Fasq017&DestApp=DOI&SrcAppSID=EUW1ED0C98HL6kpkkhMUG8nYvUEgh&SrcJTitle=BIOMETRIKA&DestDOIRegistrantName=Oxford+University+Press},
	doi = {10.1093/biomet/asq017},
	pages = {465--480},
	number = {2},
	journaltitle = {{BIOMETRIKA}},
	shortjournal = {Biometrika},
	author = {Carvalho, Carlos M. and Polson, Nicholas G. and Scott, James G.},
	urldate = {2025-06-07},
	date = {2010-06},
	note = {Num Pages: 16
Place: Oxford
Publisher: Oxford Univ Press
Web of Science {ID}: {WOS}:000280559700015},
	keywords = {bayes. {LM}, {BAYESIAN} {MODEL}, {GAUSSIAN} {GRAPHICAL} {MODELS}, lasso, {LASSO}, Normal scale mixture, {POSTERIOR} {MOMENTS}, Ridge regression, Robustness, {SELECTION}, Shrinkage, Sparsity, Thresholding},
}


@article{mitchell_bayesian_1988,
	title = {Bayesian Variable Selection in Linear-Regression},
	volume = {83},
	issn = {0162-1459},
	url = {https://www.webofscience.com/api/gateway?GWVersion=2&SrcAuth=DOISource&SrcApp=WOS&KeyAID=10.2307%2F2290129&DestApp=DOI&SrcAppSID=EUW1ED0C98HL6kpkkhMUG8nYvUEgh&SrcJTitle=JOURNAL+OF+THE+AMERICAN+STATISTICAL+ASSOCIATION&DestDOIRegistrantName=JSTOR},
	doi = {10.2307/2290129},
	pages = {1023--1032},
	number = {404},
	journaltitle = {{JOURNAL} {OF} {THE} {AMERICAN} {STATISTICAL} {ASSOCIATION}},
	shortjournal = {J. Am. Stat. Assoc.},
	author = {Mitchell, Tj and Beauchamp, Jj},
	urldate = {2025-06-07},
	date = {1988-12},
	note = {Num Pages: 10
Place: Alexandria
Publisher: Amer Statistical Assoc
Web of Science {ID}: {WOS}:A1988R852000013},
	keywords = {bayes. {LM}, lasso},
}

